<record><leader>00000cas a22000007a 4500</leader><controlfield tag="001">14574546</controlfield><controlfield tag="008">861030d18571879pauwr ne      0    0eng d</controlfield><datafield ind1=" " ind2=" " tag="010"><subfield code="a">sn 86053847 </subfield></datafield><datafield ind1=" " ind2=" " tag="040"><subfield code="a">NPX</subfield><subfield code="b">eng</subfield><subfield code="c">NPX</subfield><subfield code="d">NPH</subfield><subfield code="d">OCLCQ</subfield></datafield><datafield ind1=" " ind2=" " tag="042"><subfield code="a">msc</subfield></datafield><datafield ind1="0" ind2="4" tag="245"><subfield code="a">The Independent phoenix.</subfield></datafield><datafield ind1=" " ind2=" " tag="260"><subfield code="a">Phoenixville, Pa. :</subfield><subfield code="b">J. Royer &amp; Son,</subfield><subfield code="c">-1879.</subfield></datafield><datafield ind1=" " ind2=" " tag="300"><subfield code="a">v. :</subfield><subfield code="b">ill. (chiefly advertisments) ;</subfield><subfield code="c">61 cm.</subfield></datafield><datafield ind1=" " ind2=" " tag="310"><subfield code="a">Weekly</subfield></datafield><datafield ind1="1" ind2=" " tag="362"><subfield code="a">Began with Apr. 11, 1857 issue.</subfield><subfield code="z">Cf. Rossell, G.E. Pa. newspapers.</subfield></datafield><datafield ind1="0" ind2=" " tag="362"><subfield code="a">-v. 23, no. 39 (Dec. 27, 1879) = -whole no. 1176.</subfield></datafield><datafield ind1=" " ind2=" " tag="500"><subfield code="a">Publishers: John Royer &amp; Son, &lt;1863&gt;; Vosburg N. Shaffer, &lt;1876&gt;.</subfield></datafield><datafield ind1=" " ind2=" " tag="500"><subfield code="a">Editors: John Royer, &lt;1863&gt;; John H. Royer, &lt;1863&gt;; Vosburg N. Shaffer, &lt;1876&gt;.</subfield></datafield><datafield ind1=" " ind2=" " tag="515"><subfield code="a">Issues for &lt;Mar. 30, 1861- Dec. 27, 1879&gt; called also &lt;whole no. 209-1176&gt;.</subfield></datafield><datafield ind1=" " ind2=" " tag="580"><subfield code="a">Continues: Phoenix (Phoenixville, Pa.). Cf. Rossell, G.E. Pa. newspapers.</subfield></datafield><datafield ind1=" " ind2=" " tag="588"><subfield code="a">Description based on: Vol. 5, no. 11 (Mar. 30, 1861).</subfield></datafield><datafield ind1=" " ind2=" " tag="752"><subfield code="a">United States</subfield><subfield code="b">Pennsylvania</subfield><subfield code="c">Chester</subfield><subfield code="d">Phoenixville.</subfield></datafield><datafield ind1="1" ind2="0" tag="780"><subfield code="t">Phoenix (Phoenixville, Pa.)</subfield></datafield><datafield ind1="0" ind2="0" tag="785"><subfield code="t">Phoenixville independent</subfield><subfield code="w">(DLC)sn 90069022</subfield></datafield></record>